@Book{Guazzelli2011,
  author = {Guazzelli, E and Morris, JF},
  title = {{A Physical Introduction of Suspension Dynamics}},
  year = {2011},
  address = {Cambridge, UK},
  publisher = {Cambridge University Press}
}
      
@Book{Ladyzhenskaya1963,
  title = {The Mathematical Theory of Viscous Incompressible Flow},
  author = {Ladyzhenskaya, OA},
  publisher = {Martino Publishing},
  address = {Mansfield Centre, CT},
  year = {2014}
}

@Book{Pozrikidis1992,
  title = {Boundary Integral and Singularity Methods for Linearized
    Viscous Flows},
  author = {Pozrikidis, C},
  publisher = {Cambridge University Press},
  address = {Cambridge, UK},
  year = {1992}
}

@Book{Karrila1991,
  title = {Microhydrodynamics: Principles and Selected Applications},
  author = {Kim, S and Karrila, SJ},
  publisher = {Butterworth-Heinemann},
  address = {Stoneham, MA},
  year = {1991}
}

@Article{Karrila1989,
  author = {Karrila, SJ and Kim, S},
  title = {{Integral Equations of the Second Kind for Stokes Flow:
    Direct Solutions for Physical Variables and Removal of Inherent
      Accuracy Limitations}},
  journal = {Chem Eng Commun},
  volume = {82},
  number = {1},
  year = {1989},
  pages =  {123--161}
}


@Article{Tsubota2006,
  title = {{Simulation Study on Effects of Hematocrit on Blood Flow
    Properties Using Particle Method}},
  author = {Tsubota, K and Wada, S and Yamaguchi, T},
  journal = {J Biomech Sci and Eng},
  volume = {1},
  number = {1},
  pages = {159--170},
  year = {2006}
}

@Article{Quaife2014,
  author = {Quaife, B and Biros, G},
  title = {High-volume fraction simulations of two-dimensional vesicle
    suspensions},
  journal = {J Comput Phys},
  volume = {274},
  year = {2014},
  pages =  {245--267}
}

@Article{Greengard1987,
  author = {Greengard, L and Rokhlin, V},
  title = {{A Fast Algorithm for Particle Simulations}},
  journal = {J Comput Phys},
  volume = {135},
  number = {2},
  year = {1987},
  pages = {280--292}
}

@article{Lu2017,
  title = {Contact-aware simulations of particulate {S}tokesian suspensions},
  author = {Lu, L and Rahimian, A and Zorin, D},
  journal = {J Comput Phys},
  publisher = {Elsevier Inc.},
  volume = {347},
  pages = {160--182},
  year = {2017},
}

@Article{Ying2006,
  author = {Ying, L and Biros, G and Zorin, D},
  title = {{A high-order 3D boundary integral equation solver for
    elliptic PDEs in smooth domains}},
  journal = {J Comput Phys},
  volume = {219},
  number = {1},
  year = {2006},
  pages =  {247--275}
} 

@article{MacMinn2015,
  title = {Fluid-Driven Deformation of a Soft Granular Material},
  author = {MacMinn, CW and Dufresne, ER and Wettlaufer, JS},
  journal = {Phys Rev X},
  volume = {5},
  pages = {011020},
  year = {2015},
  publisher = {American Physical Society}
}

@Article{Saad1986,
  author = {Saad, Y and Schultz, MH},
  title = {{GMRES: A generalized minimal residual algorithm for solving
    nonsymmetric linear systems}},
  journal = {SIAM J Sci Stat Comput},
  volume = {7},
  number = {3},
  year = {1986},
  pages =  {856--869}
}


@Article{Klinteberg2016,
  author = {af Klinteberg, L and Torenberg, A-K},
  title =   {{A fast integral equation method for solid
  particles in viscous flow using quadrature by
  expansion}},
  journal = {J Comput Phys},
  year =    {2016},
  volume =  {326},
  pages =   {420--445}
}

@Article{Mammoli1999,
  author = {Mammoli, AA and Ingber, MS},
  title = {Stokes flow around cylinders in a bounded two-dimensional
    domain using multipole-accelerated boundary element methods},
  journal = {Int J Numer Meth Eng},
  year = {1999},
  volume = {44},
  number = {7},
  pages = {897--917}
}

@Article{Mammoli2002,
  author =  {Mammoli, AA},
  title =   {Towards a reliable method for predicting the rheological
    properties of multiphase fluids},
  journal = {Eng Anal Bound Elem},
  year =    {2002},
  volume =  {26},
  number =  {10},
  pages =   {861--869}
}

@Article{Mammoli2006,
author = {Mammoli, AA},
title = {The treatment of lubrication forces in boundary integral
  equations},
journal = {P R Soc A},
year = {2006},
volume = {462},
pages = {855--881}
}

@article{Advani1987,
   author = {Advani, SG and Tucker III, CL},
   title = {{The Use of Tensors to Describe and Predict Fiber
     Orientation in Short Fiber Composites}},
   journal = {J Rheol},
   year = {1987},
   volume = {31},
   number = {8}, 
   pages = {751--784}
}

@article{Tucker1999,
title = "Stiffness predictions for unidirectional short fiber composites: review and evaluation",
journal = "Compos Sci Technol",
volume = "59",
pages = "655--671",
year = "1999",
author = "C.L.~Tucker and E. Liang",
}

@article{Liu2006,
title = {{Rheology of red blood cell aggregation by computer
  simulation}},
journal = {J Comput Phys},
volume = {220},
number = {1},
pages = {139--154},
year = {2006},
author = {Liu, Y and Liu, WK},
}

@article{Kabacogulu2017,
  author = {Kabacao\u{g}lu, G and Quaife, B and Biros, G},
  title = {{Low-resolution simulations of vesicle suspensions in 2D}},
  journal = {J Comput Phys},
  volume = {357},
  pages = {43--77},
  year = {2018}
}

@article{Flormann2017,
  author = {Flormann, D and Aouane, O and Kaestner, L and Ruloff, C and
    Misbah, C and Podgorski, T and Wagner, C},
    title = {The buckling instability of aggregating red blood cells},
  journal = {Sci Rep},
     year = {2017},
   volume = {7},
    pages = {7928},
}

@article{Siegel2018,
title = {{A local target specific quadrature by expansion method for evaluation of layer potentials in 3D}},
journal = {J Comput Phys},
volume = "364",
pages = "365--392",
year = "2018",
author = "Siegel, M and Tornberg, A-K",
}

@article{Polfer2016,
author = {Polfer, P and Kraft, T and Bierwisch, C},
year = {2016},
pages = {2606--1618},
title = {Suspension modeling using smoothed particle hydrodynamics: Accuracy of the viscosity formulation and the suspended body dynamics},
volume = {40},
journal = {Appl Math Model}
}

@article{MacMeccan2009,
 title={Simulating deformable particle suspensions using a coupled lattice-Boltzmann and finite-element method}, 
 volume={618}, 
 journal={J Fluid Mech} ,
 author={MacMeccan, RM and Clausen, JR and Neitzel, GP and Aidun, CK},
 year={2009}, 
 pages={13â€“39}}

@Article{Ding2003,
author="Ding, E-J and Aidun, CK",
title="Extension of the Lattice-Boltzmann Method for Direct Simulation of Suspended Particles Near Contact",
journal="J Stat Phys",
year="2003",
volume="112",
number="3",
pages="685--708",
}

@article{Pivkin2010,
author = {Pivkin, IV and Caswell, B and Karniadakisa, GE},
publisher = {Wiley-Blackwell},
title = {{Dissipative Particle Dynamics}},
journal = {Rev Comp Ch},
volume = {27},
pages = {85--110},
year = {2010},
}

@article{Ladd1994a, 
title={{Numerical simulations of particulate suspensions via a discretized Boltzmann equation. Part 1. Theoretical foundation}}, 
volume={271}, 
journal={J Fluid Mech} ,
author={Ladd, AJC}, 
year={1994}, 
pages={285--309}}

@article{Ladd1994b, 
title={{Numerical simulations of particulate suspensions via a discretized Boltzmann equation. Part 2. Numerical results}}, 
volume={271},  
journal={J Fluid Mech} ,
author={Ladd, AJC}, 
year={1994}, 
pages={311--339}}

@article{Mittal2005,
author = {Mittal, R and Iaccarino, G},
title = {{Immersed Boundary Methods}},
journal = {Annu Rev Fluid Mech},
volume = {37},
number = {1},
pages = {239--261},
year = {2005},
}

@Article{Dou2007,
author={Dou, H-S and Khoo, BC and Phan-Thien, N and Yeo, KS and Zheng,
  R},
title={Simulations of fibre orientation in dilute suspensions with front
  moving in the filling process of a rectangular channel using level-set
    method},
journal="Rheol Acta",
year="2007",
volume="46",
number="4",
pages="427--447",
}

@article{Klockner2013,
title = {{Quadrature by expansion: A new method for the evaluation of layer potentials}},
journal = {J Comput Phys},
volume = "252",
number = "",
pages = "332--349",
year = "2013",
author = {Kl\"{o}ckner, A and Barnett, A and Greengard, L and O'Neil, M}
}

@Article{Quaife2015,
	title = {{High-order Adaptive Time Stepping for Vesicle
          Suspensions with Viscosity Contrast}},
	journal = "Proc IUTAM",
	volume = "16",
	pages = "89--98",
	year = "2015",
	author = "Quaife, B and Biros, G"}
	
@article{Harmon2011,
	 author = {Harmon, D and Panozzo, D and Sorkine, O and Zorin, D},
	 title = {{Interference-aware Geometric Modeling}},
	 journal = {ACM T Graphic},
	 volume = {30},
	 number = {6},
 	year = {2011},
 	pages = {137:1--137:10}
} 


@article{Power1993,
author = {Power, H}, 
title = "{The completed double layer boundary integral equation method for two-dimensional Stokes flow}",
volume = {51}, 
number = {2}, 
pages = {123--145}, 
year = {1993}, 
journal = {IMA J Appl Math} 
}

@article{Kropinski1999,
author={Kropinski, MCA},
title = "Integral equation methods for particle simulations in creeping
  flows",
journal = "Comput Math Appl",
volume = "38",
number = "5",
pages = {67--87},
year = "1999"
}

@article{Rahimian2010,
title = "Dynamic simulation of locally inextensible vesicles suspended in an arbitrary two-dimensional domain, a boundary integral method ",
journal = {J Comput Phys},
volume = "229",
number = "18",
pages = "6466--6484",
year = "2010",
author = "Rahimian, A and Veerapaneni, SK and Biros, G"
}

@article{Power1987,
author = "Power, H and Miranda, G",
title = "{Second Kind Integral Equation Formulation of Stokes Flows Past a Particle of Arbitrary Shape}",
journal = {SIAM J Appl Math},
volume = {47},
number = {4},
pages = {689--698},
year = {1987},
}




@article{Trefethan2014,
title = {{The Exponentially Convergent Trapezoidal Rule}},
author = {Trefethen, LN and Weideman, JAC},
journal = {SIAM Rev},
volume = {56},
number = {3},
pages = {385--458},
year = {2014}
}

@article{Barnett2015,
title = {{Spectrally-Accurate Quadratures for Evaluation of Layer
  Potentials Close to the Boundary for the 2D Stokes and Laplace
    Equations}},
author = {Barnett, A and Wu, B and Veerapaneni, S},
journal = {SIAM J Sci Comput},
volume = {37},
number = {4},
pages = {B519--B542},
year = {2015},
publisher = {SIAM}
}

@article{Beale2016,
title = {{A Simple Method for Computing Singular or Nearly Singular
  Integrals on Closed Surfaces}},
author = {Beale, JT and Ying, W and Wilson, JR},
journal={Commun Comput Phys},
volume={20},
number={3},
pages={733--753},
year={2016},
publisher={Cambridge University Press}
}

@article{Helsing2008,
title = {On the evaluation of layer potentials close to their sources},
author = {Helsing, J and Ojala, R},
journal = {J Comput Phys},
volume = {227},
pages = {2899--2921},
year = {2008}
}

@article{Beale2001,
title = {{A Method for Computing Nearly Singular Integrals}},
author = {Beale, JT and Lai, M-C},
journal = {SIAM J Numer Anal},
volume = {38},
number = {6},
pages = {1902--1925},
year = {2001}
}

@article{Campbell1996,
title = "{Convergence estimates for solution of integral equations with
  GMRES}",
author = {Campbell, SL and Ipsen, ICF and Kelley, CT and Meyer, CD and
  Xue, ZQ},
journal = {J Integral Equ Appl},
volume = {8},
number = {1},
pages = {19--34},
year = {1996},
}

@unpublished{Malhotra2018,
title = {{A parallel algorithm for long-timescale simulation of concentrated vesicle suspensions in three dimensions}},
author = {Malhotra, D and Rahimian, A and Zorin, D and Biros, G},
note = {Preprint available at
  \url{https://cims.nyu.edu/~malhotra/files/pubs/ves3d.pdf}}
}

@article{Sorgentone2018,
title = {{A highly accurate boundary integral equation method for surfactant-laden drops in 3D}},
journal = {J Comput Phys},
volume = "360",
pages = "167--191",
year = "2018",
author = "Sorgentone, C and Tornberg, A-K",
}

@article{Greenbaum1992,
title = "On the numerical solution of the biharmonic equation in the plane",
journal = "Physica D",
volume = "60",
number = "1",
pages = "216--225",
year = "1992",
author = "Greenbaum, A and Greengard, L and Mayo, A"
}

@article{Jeffery1922,
author =  "Jeffery, GB",
title = "{The Motion of Ellipsoidal Particles Immersed in a Viscous Fluid}",
journal = {Proc R Soc Lon Ser-A},
year = {1922},
volume = {102},
pages = {161--179}
}

@article{qua-bir2016,
title = {{Adaptive time stepping for vesicle simulations}},
author = {Quaife, B and Biros, G},
journal = {J Comput Phys},
volume = {306},
pages = {478--499},
year = {2016}
}

% This file was created with JabRef 2.10.
% Encoding: UTF-8


@Article{Advani1990,
  Title                    = {Closure approximations for three-dimensional structure tensors},
  Author                   = {Advani, SG and Tucker, CL},
  Journal = {J Rheol},
  Year                     = {1990},
  Number                   = {3},
  Pages                    = {367--386},
  Volume                   = {34}
}

@Article{Ausias2006,
  Title                    = {Direct simulation for concentrated fibre suspensions in transient and steady state shear flows},
  Author                   = {Ausias, G and Fan, XJ and Tanner, RI},
  Journal                  = {J Non-Newton Fluid},
  Year                     = {2006},
  Number                   = {1},
  Pages                    = {46--57},
  Volume                   = {135}
}

@Article{Batchelor1971,
  Title                    = {The stress generated in a non-dilute suspension of elongated particles by pure straining motion},
  Author                   = {Batchelor, GK},
  journal={J Fluid Mech} ,
  Year                     = {1971},
  Number                   = {4},
  Pages                    = {813--829},
  Volume                   = {46}
}

@Article{Batchelor1970,
  Title                    = {The stress system in a suspension of force-free particles},
  Author                   = {Batchelor, GK},
  journal={J Fluid Mech} ,
  Year                     = {1970},
  Number                   = {3},
  Pages                    = {545--570},
  Volume                   = {41}
}

@Article{Batchelor1970a,
  Title                    = {{Slender-body theory for particles of
    arbitrary cross-section in Stokes flow}},
  Author                   = {Batchelor, GK},
  journal={J Fluid Mech} ,
  Year                     = {1970},
  Pages                    = {419},
  Volume                   = {44}
}

@PhdThesis{Bibbo1987,
  Title                    = {Rheology of semiconcentrated fiber suspensions},
  Author                   = {Bibb{\'o}, MA},
  School                   = {Massachusetts Institute of Technology},
  Year                     = {1987}
}

@Article{Bretherton1962,
  Title                    = {{The motion of rigid particles in a shear flow at low Reynolds number}},
  Author                   = {Bretherton, FP},
  journal={J Fluid Mech} ,
  Year                     = {1962},
  Pages                    = {284},
  Volume                   = {14}
}

@Article{Dinh1984,
  Title                    = {{A Rheological Equation of State for
    Semiconcentrated Fiber Suspensions}},
  Author                   = {Dinh, SM and Armstrong, RC},
  Journal = {J Rheol},
  Year                     = {1984},
  Number                   = {3},
  Pages                    = {207--227},
  Volume                   = {28}
}

@Article{Doi1978,
  Title                    = {{Dynamics of rod-like macromolecules in concentrated solution. Part 1}},
  Author                   = {Doi, M and Edwards, SF},
  Journal                  = {J Chem Soc Farad T 2},
  Year                     = {1978},
  Pages                    = {560-570},
  Volume                   = {74}
}

@Article{Ferec2014,
  Title                    = {On the use of interaction tensors to describe and predict rod interactions in rod suspensions},
  Author                   = {F{\'e}rec, J and Abisset-Chavanne, E and Ausias, G and Chinesta, F},
  Journal                  = {Rheol Acta},
  Year                     = {2014},
  Month                    = {Jun},
  Number                   = {5},
  Pages                    = {445--456},
  Volume                   = {53}
}

@Article{Fan1998,
  Title                    = {A direct simulation of fibre suspensions},
  Author                   = {Fan, X and Phan-Thien, N and Zheng, R},
  Journal                  = {J Non-Newton Fluid},
  Year                     = {1998},
  Number                   = {1},
  Pages                    = {113--135},
  Volume                   = {74}
}


@Article{Joung2001,
  Title                    = {Direct simulation of flexible fibers},
  Author                   = {Joung, CG and Phan-Thien, N and Fan, XJ},
  Journal                  = {J Non-Newton Fluid},
  Year                     = {2001},
  Number                   = {1},
  Pages                    = {1--36},
  Volume                   = {99}
}

@Book{larsoncf,
  Title                    = {{Structure and Rheology of Complex Fluids}},
  Author                   = {Larson, RG},
  Publisher                = {Oxford University Press},
  Year                     = {1998},
  Address                  = {New York}
}

@Article{Lindstroem2007,
  Title                    = {Simulation of the motion of flexible fibers in viscous fluid flow},
  Author                   = {Lindstr{\"o}m, SB and Uesaka, T},
  Journal                  = {Phys Fluids},
  Year                     = {2007},
  Number                   = {11},
  Pages                    = {113307},
  Volume                   = {19},
  Publisher                = {AIP}
}

@Article{Lindstroem2009,
  Title                    = {A numerical investigation of the rheology
    of sheared fiber suspensions},
  Author                   = {Lindstr\"{o}m, SB and Uesaka, T},
  Journal                  = {Phys Fluids},
  Year                     = {2009},
  Number                   = {8},
  Pages                    = {083301},
  Volume                   = {21}
}

@Article{Lindstroem2008,
  Title                    = {{Simulation of semidilute suspensions of non-Brownian fibers in shear flow}},
  Author                   = {Lindstr\"{o}m, SB and Uesaka, T},
  Journal                  = {J Chem Phys},
  Year                     = {2008},
  Number                   = {2},
  Pages                    = {024901},
  Volume                   = {128}
}

@Article{Mackaplow1996,
  Title                    = {{A numerical study of the rheological properties of suspensions of rigid, non-Brownian fibres}},
  Author                   = {Mackaplow, MG and Shaqfeh, ESG},
  journal={J Fluid Mech} ,
  Year                     = {1996},
  Pages                    = {155--186},
  Volume                   = {329},
  Publisher                = {Cambridge University Press}
}

@Article{Perez2017,
  Title                    = {{From dilute to entangled fibre
    suspensions involved in the flow of reinforced polymers: A unified
      framework}},
  Author                   = {Perez, M and Guevelou, S and
    Abisset-Chavanne, E and Chinesta, F and Keunings, R},
  Journal                  = {J Non-Newton Fluid},
  Year                     = {2017},
  Pages                    = {8--17},
  Volume                   = {250}
}

@Article{Petrich2000,
  Title                    = {An experimental determination of the stressâ€“microstructure relationship in semi-concentrated fiber suspensions},
  Author                   = {Petrich, MP and Koch, DL and Cohen, C},
  Journal                  = {J Non-Newton Fluid},
  Year                     = {2000},
  Number                   = {2},
  Pages                    = {101--133},
  Volume                   = {95}
}

@Article{Rahnama1995,
  Title                    = {The effect of hydrodynamic interactions on the orientation distribution in a fiber suspension subject to simple shear flow},
  Author                   = {Rahnama, M and Koch, DL and Shaqfeh, ESG},
  Journal                  = {Phys Fluids},
  Year                     = {1995},
  Number                   = {3},
  Pages                    = {487--506},
  Volume                   = {7}
}

@Article{Schmid2000,
  Title                    = {{Simulations of fiber flocculation:
    Effects of fiber properties and interfiber friction}},
  Author                   = {Schmid, CF and Switzer, LH and
    Klingenberg, DJ},
  Journal = {J Rheol},
  Year                     = {2000},
  Number                   = {4},
  Pages                    = {781--809},
  Volume                   = {44}
}

@Article{Shaqfeh1990,
  Title                    = {The hydrodynamic stress in a suspension of rods},
  Author                   = {Shaqfeh, ESG and Fredrickson, GH},
  Journal                  = {Phys Fluids A-Fluid},
  Year                     = {1990},
  Number                   = {1},
  Pages                    = {7--24},
  Volume                   = {2}
}

@Article{Stover1992,
  Title                    = {Observations of fibre orientation in simple shear flow of semi-dilute suspensions},
  Author                   = {Stover, CA and Koch, DL and Cohen, C},
  journal={J Fluid Mech} ,
  Year                     = {1992},
  Pages                    = {277-â€“296},
  Volume                   = {238},
  Publisher                = {Cambridge University Press}
}

@Article{Sundararajakumar1997,
  Title                    = {Structure and properties of sheared fiber suspensions with mechanical contacts},
  Author                   = {Sundararajakumar, RR and Koch, DL},
  Journal                  = {J Non-Newton Fluid},
  Year                     = {1997},
  Number                   = {3},
  Volume = {73},
  Pages                    = {205--239}
}

@Article{Yamamoto1996,
  Title                    = {Dynamic simulation of microstructure and rheology of fiber suspensions},
  Author                   = {Yamamoto, S and Matsuoka, T},
  Journal                  = {Polym Eng Sci},
  Year                     = {1996},
  Pages                    = {2396},
  Volume                   = {36}
}

@article{gus-tor2009,
title = {Gravity induced sedimentation of slender fibers},
author = {Gustavsson, K and Tornberg, A-K},
journal = {Phys Fluids},
volume = {21},
pages = {123301},
year = {2009}
}

@article{tor-gus2006,
title = {A numerical method for simulations of rigid fiber suspensions},
author = {Tornberg, A-K and Gustavsson, K},
journal = {J Comput Phys},
volume = {215},
pages = {172--196},
year = {2006},
}

@article{tor-she2004,
title = {{Simulating the dynamics and interactions of flexible fibers in
  Stokes flows}},
author = {Tornberg, A-K and Shelley, MJ},
journal = {J Comput Phys},
volume = {196},
number = {1},
pages = {8--40},
year = {2004}
}

@article{cor-gre-rac-vee2017,
title = {{An integral equation formulation for rigid bodies in Stokes
  flow in three dimensions}},
author={Corona, E and Greengard, L and Rachh, M and Veerapaneni, S},
journal = {J Comput Phys},
volume = {332},
pages = {504--519},
year={2017}
}

@article{kli-tor2014,
title = {{Fast Ewald summation for Stokesian particle suspensions}},
author = {af Klinteberg, L and Tornberg, A-K},
journal = {Int J Numer Meth Fl},
volume = {76},
number = {10},
pages = {669--698},
year = {2014}
}

@article{kli-tor2016,
title = {A fast integral equation method for solid particles in viscous
  flow using quadrature by expansion},
author = {af Klinteberg, L and Tornberg, A-K},
journal = {J Comput Phys},
volume = {326},
pages = {420--445},
year = {2016}
}

@article{qua-cou-dar2018,
title = {{An efficient preconditioner for the fast simulation of a 2D
    Stokes flow in porous media}},
author = {Quaife, B and Coulier, P and Darve, E},
journal = {Int J Numer Meth Eng},
volume = {113},
pages = {561--580},
year = {2018},
}

@article{Quaife2015a,
title = {{On preconditioners for the Laplace double-layer potential in
  2D}},
author = {Quaife, B and Biros, G},
journal = {Numerical Linear Algebr},
volume = {22},
pages = {101--122},
year = {2015}
}

@article{cou-pou-dar2017,
title = {{The Inverse Fast Multipole Method: Using a Fast Approximate
  Diret Solver as a Preconditioner for Dense Linear Systems}},
author = {Coulier, P and Pouransari, H and Darve, E},
journal = {SIAM J Sci Comput},
volume = {39},
number = {3},
pages = {A761--A796},
year = {2017}
}

@article{bra-lub1990,
title = {{Multilevel matrix multiplication and fast solution of
  integral equations}},
author = {Brandt, A and Lubrecht, AA},
journal = {J Comput Phys},
volume = {90},
number = {2},
pages = {348--370},
month = {October},
year = {1990}
}

@article{hem-sch1981,
title = {Multiple grid methods for the solution of {F}redholm integral
  equations of the second kind},
author = {Hemker, PW and Schippers, H},
journal = {Math Comput},
volume = {36},
number = {153},
pages = {215--232},
year = {1981}
}

@article{che2000,
title = {{An Analysis of Sparse Approximate Inverse Preconditioners for
  Boundary Integral Equations}},
author = {Chen, K},
journal = {SIAM J Matrix Anal A},
volume = {22},
number = {4},
pages = {1058--1078},
year = {2000}
}

@article{bar-hut1986,
title = {{A hierarchical $\mathcal{O}(N \log N)$ force-calculation
  algorithm}},
author = {Barnes, J and Hut, P},
journal = {Nature},
volume = {324},
pages = {446--449},
year = {1986}
}

@article{mar-bar-gil-vee2016,
title = {A fast algorithm for simulating multiphase flows through
  periodic geometries of arbitrary shape},
author = {Marple, GR and Barnett, A and Gillman, A and Veerapaneni, S},
journal = {SIAM J Sci Comput},
volume = {38},
number = {5},
pages = {B740--B772},
year = {2016},
publisher = {SIAM}
}

@article{Koos2012,
author = {Koos, E and Guerrero, EL and Hunt, ML and Brennen, CE},
year = {2012},
title = {Rheological measurements of large particles in high shear rate flows},
volume = {24},
pages = {013302},
journal = {Phys Fluids}
}

@article{sid-isr1988,
title = {Quadrature {M}ethods for {P}eriodic {S}ingular and {W}eakly
  {S}ingular {F}redholm {I}ntegral {E}quations},
author = {Sidi, A and Israeli, M},
journal = {J Sci Comput},
volume = {3},
number = {2},
pages = {201--231},
year = {1988}
}
